@misc{muzi2020ctex,
   author={慕子},
   title={2018年，为什么不推荐使用 CTeX 套装了},
   url={https://zhuanlan.zhihu.com/p/45174503},
   year={2020},
   month={03},
}

@misc{seugs2023rule,
   author={东南大学研究生院},
   title={东南大学研究生学位论文格式规定},
   url={https://seugs.seu.edu.cn/_upload/article/files/5d/c2/abe9785f44c8b3ea4823f14bfb92/cd829a73-1b86-400d-9bce-2c4b4fdb85b7.pdf},
   year={2023},
   month={04},
}

@misc{seugs2023license,
   author={东南大学研究生院},
   title={学位论文独创性和使用授权声明},
   url={https://seugs.seu.edu.cn/_upload/article/files/5d/c2/abe9785f44c8b3ea4823f14bfb92/d8772a84-f988-4c65-8408-f2cde829f3a1.pdf},
   year={2023},
   month={04},
}

@article{blum2013learning,
  title={A learning theory approach to noninteractive database privacy},
  author={Blum, Avrim and Ligett, Katrina and Roth, Aaron},
  journal={Journal of the ACM (JACM)},
  volume={60},
  number={2},
  pages={1--25},
  year={2013},
  publisher={ACM New York, NY, USA}
}

@inproceedings{forrest2008evolution,
  title={The evolution of system-call monitoring},
  author={Forrest, Stephanie and Hofmeyr, Steven and Somayaji, Anil},
  booktitle={2008 annual computer security applications conference (acsac)},
  pages={418--430},
  year={2008},
  organization={IEEE}
}

@inproceedings{srivastava2011operating,
  title={Operating system interface obfuscation and the revealing of hidden operations},
  author={Srivastava, Abhinav and Lanzi, Andrea and Giffin, Jonathon and Balzarotti, Davide},
  booktitle={International Conference on Detection of Intrusions and Malware, and Vulnerability Assessment},
  pages={214--233},
  year={2011},
  organization={Springer}
}

@book{feng2019androidsecurity,
  author={丰生强},
  title={Android软件安全权威指南},
  publisher={电子工业出版社},
  year={2019},
  edition={第2版},
  pages={23-25}
}

@book{williams2006gaussian,
  title={Gaussian processes for machine learning},
  author={Williams, Christopher KI and Rasmussen, Carl Edward},
  volume={2},
  number={3},
  year={2006},
  publisher={MA: MIT press Cambridge}
}

@phdthesis{gibbs1998bayesian,
  title={Bayesian Gaussian processes for regression and classification},
  author={Gibbs, Mark N},
  year={1998},
  school={Citeseer}
}
